@article{posix,
  author = {},
  journal = {IEEE Std 1003.1-2017 (Revision of IEEE Std 1003.1-2008)},
  title = {{IEEE Standard for Information Technology--Portable Operating System
           Interface (POSIX(TM)) Base Specifications, Issue 7}},
  year = {2018},
  doi = {10.1109/IEEESTD.2018.8277153},
}

@manual{find_man,
  title = {{GNU Findutils Manual}},
  author = {Youngman, James and others},
  organization = {Free Software Foundation},
  edition = {4.9.0},
  year = {2022},
  month = {February},
}

@manual{du_man,
  title = {{du(1) — Linux manual page}},
  author = {Granlund, Torbjorn and MacKenzie, David and Eggert, Paul and
            Meyering, Jim and others},
  organization = {Free Software Foundation},
  edition = {9.3},
  year = {2023},
  month = {April},
}

@manual{bash_man,
  title = {{bash(1) — Linux manual page}},
  author = {Fox, Brian and Ramey, Chet and others},
  organization = {Free Software Foundation},
  edition = {5.2},
  year = {2022},
  month = {September},
}

@book{fewster1999software,
  author = {Fewster, Mark and Graham, Dorothy},
  title = {Software Test Automation: Effective Use of Test Execution Tools},
  year = {1999},
  isbn = {0201331403},
  publisher = {ACM Press/Addison-Wesley Publishing Co.},
  address = {USA},
}

@inproceedings{rafi2012benefits,
  author = {Dudekula Mohammad Rafi and Katam Reddy Kiran Moses and Petersen, Kai
            and Mäntylä, Mika V.},
  booktitle = {2012 7th International Workshop on Automation of Software Test
               (AST)},
  title = {Benefits and limitations of automated software testing: Systematic
           literature review and practitioner survey},
  year = {2012},
  volume = {},
  number = {},
  pages = {36-42},
  doi = {10.1109/IWAST.2012.6228988},
}

@online{goldenTestsAreTasty,
  author = {Yul Seo, Kwang},
  title = {{K}wang's {H}askell {B}log - {G}olden tests are tasty ---
           kseo.github.io},
  url = {https://kseo.github.io/posts/2016-12-15-golden-tests-are-tasty.html},
  year = {2016},
  urldate = {2023-11-06},
}

@online{ebayScreenshotTesting,
  author = {Zadorskii, Maksim and Sprague, Corey and McKenzie, Larry},
  title = {e{B}ay {M}otors: {S}creenshot {T}esting with {F}lutter},
  url = {
         https://innovation.ebayinc.com/tech/engineering/ebay-motors-screenshot-testing-with-flutter
         },
  year = {2020},
  urldate = {2023-11-05},
}

@online{brsonRustTested,
  author = {Anderson, Brian},
  title = {{H}ow {R}ust is tested --- brson.github.io},
  url = {https://brson.github.io/2017/07/10/how-rust-is-tested#s-ui},
  year = {2017},
  urldate = {2023-11-05},
}
